% This file was created with JabRef 2.10.


@article{cloud,
  author = {Lee, Chen-Lin},
  title = {Exploring the Introduction of Cloud Computing into Medical Information Systems},
  journal = {Journal of Computers},
  year = {2018}
}

@article{intro-to-automata-languages-computation,
  author = {Hopcroft, John E. and Motwani, Rajeev and Ullman, Jeffrey D.},
  title = {Introduction to automata theory, languages, and computation, 2nd edition},
  year = {2001},
  issue_date = {March 2001},
  publisher = {Association for Computing Machinery},
  address = {New York, NY, USA},
  volume = {32},
  number = {1},
  issn = {0163-5700},
  url = {https://doi.org/10.1145/568438.568455},
  doi = {10.1145/568438.568455},
  journal = {SIGACT News},
  month = mar,
  pages = {60-65},
  numpages = {6}
}